2959 5009
416 944 546 1085 ¹nu
583 992 1004 1083 LECTOREM.

701 1384 707 1399 ι

653 1424 812 1453 aa*—

155 1733 399 1835 Paucum
413 1775 487 1829 sunt
500 1759 732 1838 animoso,
744 1780 804 1824 nse
817 1781 856 1824 a
868 1757 997 1846 maan
1010 1762 1118 1849 magu
1131 1762 1297 1840 nomena,

153 1881 291 1947 candide
307 1882 423 1948 Lector
438 1894 470 1947 et
477 1878 670 1969 intelligens!
695 1877 809 1965 quibus
821 1878 857 1941 in
871 1877 1035 1945 voluminis
1049 1877 1178 1946 oecundi
1190 1878 1298 1943 limine

152 2005 189 2092 te
202 1994 401 2061 demoratum
416 2006 510 2082 atque
524 1990 756 2079 interpellatum
769 1988 871 2054 velim.
903 2034 909 2043 -

201 2218 354 2285 Codicem
376 2220 416 2285 B.
440 2242 534 2307 quem
555 2219 642 2307 prius
663 2216 914 2295 memoraverim,
938 2218 1074 2303 propriis
1094 2216 1193 2281 oculis
1205 2236 1297 2281 usur·

150 2330 252 2415 pandi
266 2354 366 2418 nuper
381 2331 460 2396 mihi
482 2332 586 2397 oblata
600 2343 647 2397 est
669 2330 804 2407 occasio,
828 2328 907 2394 dum
930 2328 1096 2396 Oxoaium
1116 2329 1294 2407 inviserem,

151 2454 249 2529 atque
265 2443 486 2509 bibliothecam
505 2442 711 2509 Bodleianam
730 2441 962 2529 perlustrarem,
985 2432 1296 2507 favore'meritissimi

149 2555 291 2620 custodis
305 2554 436 2635 fructus,
459 2556 608 2621 Joauurs
624 2554 740 2622 Parca.
786 2556 888 2623 Nobis
909 2577 986 2620 saue
1005 2567 1039 2620 et
1056 2554 1194 2619 melioris
1206 2565 1297 2619 notoe

150 2665 232 2731 liber
253 2668 311 2733 iste
331 2668 506 2745 videbanu,
530 2678 563 2731 et
583 2668 643 2731 aevi
665 2668 842 2733 remotioris
860 2690 975 2753 opera,
994 2688 1092 2754 quam
1115 2666 1295 2732 Gnarum

149 2778 318 2859 Jacusou,
342 2766 541 2866 praelsetoris
557 2778 688 2856 Graeci,¹
705 2780 859 2845 sententia
880 2778 1014 2857 ferebam
1036 2777 1118 2843 adeo
1141 2790 1176 2843 ut
1195 2800 1296 2843 mem·

151 2890 324 2956 brananmr
338 2891 518 2981 diligentius
532 2886 794 2957 excutiendamm
807 2913 874 2955 nou
887 2890 956 2956 leve
968 2890 1159 2956 desideriuru
1173 2912 1232 2956 nos
1245 2892 1295 2957 in·

149 3017 295 3068 cesseret:
318 3004 378 3067 viri
393 3016 500 3069 tamen
515 3003 630 3069 eruditi
643 3004 677 3067 in
692 3002 753 3070 hae
766 3026 803 3069 re
817 3004 972 3091 judicium
998 3025 1071 3069 meo
1084 3026 1151 3069 esse
1163 3015 1295 3091 autepo-

149 3115 292 3181 nendum
304 3114 441 3181 libenter
455 3115 602 3202 equidem
616 3116 834 3196 concesserim,
857 3129 889 3182 et
903 3118 1113 3204 antepositum
1127 3139 1194 3183 uon
1207 3140 1294 3207 aegre

150 3227 284 3291 tulerim.
331 3228 494 3293 Sedenim
508 3224 699 3313 perdolitum
713 3240 772 3307 est,
798 3228 825 3292 si
848 3228 925 3316 quid
946 3228 1073 3318 gravius
1090 3242 1125 3322 et
1139 3231 1294 3310 acerbius,

150 3360 315 3427 aequorum
330 3338 438 3404 saltem
452 3338 493 3403 de
501 3338 647 3425 judicum
661 3338 827 3420 senteutii,
838 3341 872 3405 iu
882 3340 966 3429 leges
977 3340 1169 3407 Oxouiensis
1180 3343 1292 3408 biblio-

151 3450 251 3517 thecae
265 3474 405 3517 morosas
419 3451 565 3517 dixerim:
590 3453 669 3517 citra
694 3464 800 3518 tamen
825 3452 1053 3519 bibliothecarii
1074 3454 1291 3536 offensionem,

153 3586 190 3627 ac
203 3576 390 3629 eaeterorum
405 3564 523 3629 Musaei
538 3564 704 3631 Bodleiani
718 3578 911 3646 curatorum,
933 3542 1045 3653 optare
1058 3566 1166 3631 saltem
1186 3567 1290 3649 liceat,

151 3698 203 3741 eos
217 3677 293 3741 velle
306 3677 532 3743 obtrectatores
553 3701 625 3743 suos
648 3677 778 3745 refirtari
800 3678 1016 3745 collationibus
1033 3677 1206 3768 diligenter
1227 3679 1291 3745 ela·

148 3788 298 3857 borandis
311 3800 406 3876 atque
418 3788 616 3875 publicandis
630 3812 739 3857 earum
752 3790 1019 3871 membrananun,
1034 3787 1149 3879 qadim
1161 3794 1290 3880 propria

151 3900 257 3989 egredi
270 3902 426 3987 pomoeria
439 3901 494 3969 tali
508 3902 660 3992 religione
672 3924 738 3967 non
753 3903 939 3988 permissum
953 3904 1001 3969 sit.

192 4118 328 4199 Interea,
359 4142 401 4185 ue
425 4121 488 4189 hoc
510 4120 639 4208 quidem
663 4120 794 4186 lectores
818 4142 905 4187 meos
932 4121 1067 4188 celatum
1095 4122 1178 4202 volo,
1208 4122 1288 4188 nibil

148 4228 226 4294 mihi
246 4230 303 4297 diu
325 4232 485 4321 antiquius
505 4232 598 4297 firisse
619 4244 651 4297 et
676 4234 864 4319 exoptatius,
887 4248 1018 4321 propter
1030 4236 1287 4322 propensissimos

148 4340 273 4411 affectus
286 4367 387 4425 meos,
402 4346 516 4433 quibus
527 4368 581 4411 me
592 4368 688 4411 nemo
702 4347 912 4427 antecesserit,
928 4350 962 4415 in
974 4346 1128 4416 Gallicam
1139 4348 1287 4435 rempub·

146 4452 248 4535 imus

694 4577 748 4635 ad
